%% This BibTeX bibliography file was created using BibDesk.
%% http://bibdesk.sourceforge.net/

%% Created for raphael hanke at 2017-08-17 17:29:43 +0200 


%% Saved with string encoding Unicode (UTF-8) 



@webpage{regression,
	Author = {statisticssolutions.com},
	Date-Added = {2017-08-17 15:04:17 +0000},
	Date-Modified = {2017-08-17 15:28:19 +0000},
	Lastchecked = {05.08.2017},
	Month = FEB,
	Title = {Multiple Regression},
	Url = {http://www.statisticssolutions.com/regression-analysis-multiple-regression/},
	Year = {2017},
	Bdsk-Url-1 = {https://stats.idre.ucla.edu/stata/ado/analysis/}}

@online{robust,
	Author = {Bruin, J.},
	Date-Added = {2017-08-16 17:41:20 +0000},
	Date-Modified = {2017-08-16 17:42:13 +0000},
	Month = FEB,
	Title = {ROBUST REGRESSION | R DATA ANALYSIS EXAMPLES},
	Url = {https://stats.idre.ucla.edu/r/dae/robust-regression/},
	Year = {2011},
	Bdsk-Url-1 = {https://stats.idre.ucla.edu/stata/ado/analysis/}}

@online{correlation,
	Author = {statisticssolutions.com},
	Date-Added = {2017-08-16 17:41:19 +0000},
	Date-Modified = {2017-08-17 15:02:39 +0000},
	Month = FEB,
	Title = {Correlation (Pearson, Kendall, Spearman)},
	Url = {http://www.statisticssolutions.com/correlation-pearson-kendall-spearman/},
	Year = {2017},
	Bdsk-Url-1 = {https://stats.idre.ucla.edu/stata/ado/analysis/}}

@online{merellking,
	Author = {Merrell, Gregory},
	Date-Added = {2017-08-16 17:41:18 +0000},
	Date-Modified = {2017-08-16 17:44:05 +0000},
	Month = FEB,
	Title = {King County Housing Sales Heat Map and Predictive Multiple Regression},
	Url = {http://rpubs.com/grmerrell/154461},
	Year = {2016},
	Bdsk-Url-1 = {https://stats.idre.ucla.edu/stata/ado/analysis/}}

@webpage{murilloking,
	Author = {Murillo, Juan Pablo},
	Date-Added = {2017-08-16 17:41:08 +0000},
	Date-Modified = {2017-08-17 15:29:39 +0000},
	Lastchecked = {04.08.2017},
	Month = FEB,
	Title = {King County Home Sales: Analysis and the limitations of a multiple regression model},
	Url = {https://rstudio-pubs-static.s3.amazonaws.com/155304_cc51f448116744069664b35e7762999f.html},
	Year = {2016},
	Bdsk-Url-1 = {https://stats.idre.ucla.edu/stata/ado/analysis/}}
